@online{command-module-overview,
	author = "NASA",
	title = "CSM06 Command Module Overview",
	url = "https://www.hq.nasa.gov/alsj/CSM06_Command_Module_Overview_pp39-52.pdf",
	urldate = 2018
}

@online{entry-aerodynamics,
	author = "NASA",
	title = "Entry Aerodynamics at Lunar Return Conditions Obtained from the Flight of Apollo 4 (AS-501)",
	url = "http://citeseerx.ist.psu.edu/viewdoc/download?doi=10.1.1.694.73&rep=rep1&type=pdf",
	urldate = 2018
}

@online{lift-and-drag-of-apollo-command-module,
	author = "Charles E. DeRose, NASA",
	title = "Trim Attitude, Lift and Drag of the Apollo Command Module With Offset Center-of-Gravity positions at Mach Numbers to 29",
	url = "https://ntrs.nasa.gov/archive/nasa/casi.ntrs.nasa.gov/19690020179.pdf",
	urldate = 2018
}


@online{earths-atmosphere,
	author = "Wikipedia The Free Encyclopedia",
	title = "Atmosphere of Earth",
	url = "https://en.wikipedia.org/wiki/Atmosphere_of_Earth",
	urldate = 2018
}